@inproceedings{trinc,
author = {Dave Levin and John R. Douceur and Jacob R. Lorch and Thomas Moscibroda},
title = {TrInc: Small Trusted Hardware for Large Distributed Systems},
booktitle = {Proceedings of the 6th USENIX Symposium on Networked Systems Design and Implementation (NSDI'09)},
location = {Boston, Massachusetts},
month = {April},
year = 2009
}

@inproceedings{haeberlen,
  author = {Andreas Haeberlen and Paarijaat Aditya and Rodrigo Rodrigues and Peter Druschel},
  title = {Accountable Virtual Machines},
  booktitle = {Proceedings of the 9th USENIX Symposium on Operating Systems Design and Implementation (OSDI'10)},
  location = {Vancouver, Canada},
  month = oct,
  year = 2010
}


@INPROCEEDINGS {bursztein,
title	= {OpenConflict Preventing Real Time Map Hacks in Online Games},
author	= {Elie Bursztein and Jocelyn Lagarenne and Mike Hamburg and Dan Boneh},
booktitle	= {Security and Privacy(S\&P)},
year	= {2011},
month	= {May},
url	= {\url{http://elie.im/publication/OpenConflict-preventing-real-time-map-hacks-in-online-games}}
}